% Encoding: UTF-8

@Book{Ackley87Connectionist,
  author    = {Ackley, David H.},
  title     = {A Connectionist Machine for Genetic Hillclimbing},
  year      = {1987},
  publisher = {Kluwer Academic Publishers},
  isbn      = {978-0-89838-236-5},
  file      = {:Ackley87Connectionist.pdf:PDF},
  owner     = {valentjn},
  timestamp = {2018.07.22},
}

@InBook{Allaire04Topology,
  author    = {Allaire, Grégoire},
  title     = {Topology Optimization with the Homogenization and the Level-Set Methods},
  booktitle = {Nonlinear Homogenization and its Applications to Composites, Polycrystals and Smart Materials},
  year      = {2004},
  editor    = {Ponte Castaneda, Pedro and Telega, Józef Joachim and Gambin, Barbara},
  series    = {NATO Science Series II: Mathematics, Physics and Chemistry},
  number    = {170},
  publisher = {Springer},
  pages     = {1--13},
  doi       = {10.1007/1-4020-2623-4_1},
  file      = {:Allaire04Topology.pdf:PDF},
  owner     = {valentjn},
  timestamp = {2018.05.15},
}

@InCollection{Allaire16Towards,
  author    = {Allaire, Grégoire and Jouve, François},
  title     = {Towards Efficient and Reliable Topology Optimization of Structures},
  booktitle = {{ECCOMAS} Newsletter -- {June} 2016},
  year      = {2016},
  editor    = {Ramm, Ekkehard and Papadrakakis, Manolis and Kvamsdal, Trond and Eberhardsteiner, Josef and Kouniaki, Panagiota},
  pages     = {6--9},
  url       = {https://web.archive.org/web/20181004085628/http://www.eccomas.org/cvdata/cntr1/spc22/dtos/img/mdia/ECCOMAS-NL-2016-(1).pdf},
  file      = {:Allaire16Towards.pdf:PDF},
  owner     = {valentjn},
  timestamp = {2018.10.04},
}

@Article{An84Determination,
  author       = {An, K. N. and Takahashi, Keiji and Harrigan, Timothy P. and Chao, Edmund Y.},
  title        = {Determination of Muscle Orientations and Moment Arms},
  journaltitle = {Journal of Biomechanical Engineering},
  year         = {1984},
  volume       = {106},
  number       = {3},
  pages        = {280--282},
  doi          = {10.1115/1.3138494},
  file         = {:An84Determination.pdf:PDF},
  owner        = {valentjn},
  timestamp    = {2018.09.17},
}

@Article{Anile00Modeling,
  author       = {Anile, Angelo M. and Falcidieno, Bianca and Gallo, Giovanni and Spagnuolo, Michela and Spinello, Salvatore},
  title        = {Modeling Uncertain Data with Fuzzy {B}-Splines},
  journaltitle = {Fuzzy Sets and Systems},
  year         = {2000},
  volume       = {113},
  number       = {3},
  pages        = {397--410},
  doi          = {10.1016/S0165-0114(98)00146-8},
  file         = {:Anile00Modeling.pdf:PDF},
  owner        = {valentjn},
  timestamp    = {2018.06.28},
}

@Article{Baar15Gradient,
  author       = {de Baar, Jouke H. S. and Harding, Brendan},
  title        = {A Gradient-Enhanced Sparse Grid Algorithm for Uncertainty Quantification},
  journaltitle = {International Journal for Uncertainty Quantification},
  year         = {2015},
  volume       = {5},
  number       = {5},
  pages        = {453--468},
  doi          = {10.1615/Int.J.UncertaintyQuantification.2015014394},
  file         = {:Baar15Gradient.pdf:PDF},
  owner        = {valentjn},
  timestamp    = {2018.02.26},
}

@Article{Bachau01Applications,
  author       = {Bachau, Henri and Cormier, Eric and Decleva, Piero and Hansen, James E. and Mart\'{i}n, Francisco},
  title        = {Applications of {B}-Splines in Atomic and Molecular Physics},
  journaltitle = {Reports on Progress in Physics},
  year         = {2001},
  volume       = {64},
  number       = {12},
  pages        = {1815--1942},
  doi          = {10.1088/0034-4885/64/12/205},
  file         = {:Bachau01Applications.pdf:PDF},
  keywords     = {maths,bsplines},
  owner        = {valentjn},
  timestamp    = {2015.01.14},
}

@PhdThesis{Balder94Adaptive,
  author      = {Balder, Robert},
  title       = {\foreignlanguage{ngerman}{Adaptive Verfahren für elliptische und parabolische Differentialgleichungen auf dünnen Gittern}},
  institution = {Technical University of Munich, Institute of Computer Science},
  year        = {1994},
  file        = {:Balder94Adaptive.pdf:PDF},
  owner       = {valentjn},
  timestamp   = {2014.04.28},
}

@Book{Bellman57Dynamic,
  author    = {Bellman, Richard},
  title     = {Dynamic Programming},
  year      = {1957},
  publisher = {Princeton University Press},
  isbn      = {978-0-691-07951-6},
  owner     = {valentjn},
  timestamp = {2018.09.02},
}

@Book{Bellman61Adaptive,
  author    = {Bellman, Richard},
  title     = {Adaptive Control Processes: {A} Guided Tour},
  year      = {1961},
  publisher = {Princeton University Press},
  isbn      = {978-1-4008-7466-8},
  owner     = {valentjn},
  timestamp = {2018.08.02},
}

@Article{Benoit24Note,
  author       = {Benoît, Ernest},
  title        = {Note sur une méthode de résolution des équations normales provenant de l'application de la méthode des moindres carrés à un système d'équations linéaires en nombre inférieur à celui des inconnues},
  journaltitle = {Bulletin Géodésique},
  year         = {1924},
  subtitle     = {Application de la méthode a la résolution d'un systeme défini d'équations linéaires},
  volume       = {2},
  pages        = {67--77},
  doi          = {10.1007/BF03031308},
  file         = {:Benoit24Note.pdf:PDF},
  owner        = {valentjn},
  timestamp    = {2018.05.28},
}

@Online{Bohn18Optimally,
  author    = {Bohn, Bastian and Griebel, Michael and Oettershagen, Jens},
  title     = {Optimally Rotated Coordinate Systems for Adaptive Least-Squares Regression on Sparse Grids},
  year      = {2018},
  url       = {https://arxiv.org/abs/1810.06749v1},
  file      = {:Bohn18Optimally.pdf:PDF},
  owner     = {valentjn},
  timestamp = {2018.11.16},
}

@Book{Bona15Introduction,
  author    = {Bóna, Miklós},
  title     = {Introduction to Enumerative and Analytic Combinatorics},
  year      = {2015},
  edition   = {2},
  publisher = {CRC Press},
  isbn      = {978-1-4822-4909-5},
  file      = {:Bona15Introduction.pdf:PDF},
  owner     = {valentjn},
  timestamp = {2018.03.13},
}

@Article{Boor72Calculating,
  author       = {de Boor, Carl},
  title        = {On Calculating with {B}-Splines},
  journaltitle = {Journal of Approximation Theory},
  year         = {1972},
  volume       = {6},
  number       = {1},
  pages        = {50--62},
  doi          = {10.1016/0021-9045(72)90080-9},
  file         = {:Boor72Calculating.pdf:PDF},
  owner        = {julian},
  shorthand    = {Boor72},
  timestamp    = {2014.04.27},
}

@InProceedings{Boor76Splines,
  author    = {de Boor, Carl},
  title     = {Splines as Linear Combinations of {B}-Splines. {A} Survey},
  booktitle = {Approximation Theory II},
  year      = {1976},
  editor    = {Lorentz, George G. and Chui, Charles K. and Schumaker, Larry L.},
  publisher = {Academic Press},
  file      = {:Boor76Splines.pdf:PDF},
  keywords  = {maths,bsplines},
  owner     = {valentjn},
  shorthand = {Boor76},
  timestamp = {2015.01.14},
}

@Article{Boor16Comment,
  author       = {de Boor, Carl},
  title        = {A Comment on {Ewald} {Quak's} ``{About} {B}-Splines''},
  journaltitle = {Journal of Numerical Analysis and Approximation Theory},
  year         = {2016},
  volume       = {45},
  number       = {1},
  pages        = {84--86},
  file         = {:Boor16Comment.pdf:PDF},
  owner        = {valentjn},
  shorthand    = {Boor16},
  timestamp    = {2017.11.25},
}

@Article{Boos85Converse,
  author       = {Boos, Dennis D.},
  title        = {A Converse to {Scheffé's} Theorem},
  journaltitle = {The Annals of Statistics},
  year         = {1985},
  volume       = {13},
  number       = {1},
  pages        = {423--427},
  doi          = {10.1214/aos/1176346604},
  file         = {:Boos85Converse.pdf:PDF},
  owner        = {valentjn},
  shorthand    = {Boos85},
  timestamp    = {2018.02.15},
}

@Book{Boyd04Convex,
  author    = {Boyd, Stephen and Vandenberghe, Lieven},
  title     = {Convex Optimization},
  year      = {2004},
  publisher = {Cambridge University Press},
  isbn      = {978-0-521-83378-3},
  file      = {:Boyd04Convex.pdf:PDF},
  owner     = {valentjn},
  timestamp = {2018.06.22},
}

@Article{Brumm17Using,
  author       = {Brumm, Johannes and Scheidegger, Simon},
  title        = {Using Adaptive Sparse Grids to Solve High-Dimensional Dynamic Models},
  journaltitle = {Econometrica},
  year         = {2017},
  volume       = {85},
  number       = {5},
  pages        = {1575--1612},
  doi          = {10.3982/ECTA12216},
  file         = {:Brumm17Using.pdf:PDF},
  owner        = {valentjn},
  timestamp    = {2018.09.03},
}

@Article{Buckley90Using,
  author       = {Buckley, James J. and Qu, Yunxia},
  title        = {On Using {$\alpha$}-Cuts to Evaluate Fuzzy Equations},
  journaltitle = {Fuzzy Sets and Systems},
  year         = {1990},
  volume       = {38},
  number       = {3},
  pages        = {309--312},
  doi          = {10.1016/0165-0114(90)90204-J},
  file         = {:Buckley90Using.pdf:PDF},
  owner        = {valentjn},
  timestamp    = {2018.06.29},
}

@PhdThesis{Bungartz92Duenne,
  author      = {Bungartz, Hans-Joachim},
  title       = {\foreignlanguage{ngerman}{Dünne Gitter und deren Anwendung bei der adaptiven Lösung der dreidimensionalen Poisson-Gleichung}},
  institution = {Technical University of Munich, Institute of Computer Science},
  year        = {1992},
  file        = {:Bungartz92Duenne.pdf:PDF},
  owner       = {julian},
  timestamp   = {2014.03.31},
}

@Thesis{Bungartz98Finite,
  author      = {Bungartz, Hans-Joachim},
  title       = {Finite Elements of Higher Order on Sparse Grids},
  type        = {Habilitation thesis},
  institution = {Technical University of Munich, Institute of Computer Science},
  year        = {1998},
  file        = {:Bungartz98Finite.pdf:PDF},
  keywords    = {sparse grids, hierarchical basis},
  owner       = {franzefn},
  timestamp   = {2013.10.24},
}

@Article{Bungartz04Sparse,
  author       = {Bungartz, Hans-Joachim and Griebel, Michael},
  title        = {Sparse Grids},
  journaltitle = {Acta Numerica},
  year         = {2004},
  volume       = {13},
  pages        = {147--269},
  doi          = {10.1017/S0962492904000182},
  file         = {:Bungartz04Sparse.pdf:PDF},
  owner        = {julian},
  timestamp    = {2014.03.29},
}

@Book{Bungartz14Modeling,
  author    = {Bungartz, Hans-Joachim and Zimmer, Stefan and Buchholz, Martin and Pflüger, Dirk},
  title     = {Modeling and Simulation},
  year      = {2014},
  subtitle  = {An Application-Oriented Introduction},
  series    = {Springer Undergraduate Texts in Mathematics and Technology},
  publisher = {Springer},
  isbn      = {978-3-642-39523-9},
  file      = {:Bungartz14Modeling.pdf:PDF},
  owner     = {valentjn},
  timestamp = {2018.06.04},
}

@Article{Cai10Stable,
  author       = {Cai, Yongyang and Judd, Kenneth L.},
  title        = {Stable and Efficient Computational Methods for Dynamic Programming},
  journaltitle = {Journal of the European Economic Association},
  year         = {2010},
  volume       = {8},
  number       = {2--3},
  pages        = {626--634},
  doi          = {10.1111/j.1542-4774.2010.tb00532.x},
  file         = {:Cai10Stable.pdf:PDF},
  owner        = {valentjn},
  timestamp    = {2018.09.05},
}

@Book{Chui92Introduction,
  author    = {Chui, Charles K.},
  title     = {An Introduction to Wavelets},
  year      = {1992},
  series    = {Wavelet Analysis and Its Applications},
  number    = {1},
  publisher = {Academic Press},
  isbn      = {978-0-12-174584-4},
  file      = {:Chui92Introduction.pdf:PDF},
  owner     = {valentjn},
  timestamp = {2018.03.23},
}

@InProceedings{Clerc99Swarm,
  author    = {Clerc, Maurice},
  title     = {The Swarm and the Queen: {Towards} a Deterministic and Adaptive Particle Swarm Optimization},
  booktitle = {Proceedings of the 1999 Congress on Evolutionary Computation -- CEC99},
  year      = {1999},
  publisher = {IEEE},
  pages     = {1951--1957},
  doi       = {10.1109/CEC.1999.785513},
  file      = {:Clerc99Swarm.pdf:PDF},
  owner     = {valentjn},
  timestamp = {2018.07.22},
}

@Book{Cohen01Geometric,
  author    = {Cohen, Elaine and Riesenfeld, Richard F. and Elber, Gershon},
  title     = {Geometric Modeling with Splines: {An} Introduction},
  year      = {2001},
  publisher = {A K Peters},
  isbn      = {978-1-56881-137-6},
  owner     = {valentjn},
  timestamp = {2018.02.28},
}

@Report{Colville68Comparative,
  author      = {Colville, A. R.},
  title       = {A Comparative Study on Nonlinear Programming Codes},
  type        = {technical report},
  institution = {IBM New York Scientific Center},
  year        = {1968},
  number      = {320-2949},
  owner       = {valentjn},
  timestamp   = {2018.08.20},
}

@Book{Cottrell09Isogeometric,
  author    = {Cottrell, J. Austin and Hughes, Thomas J. R. and Bazilevs, Yuri},
  title     = {Isogeometric Analysis},
  year      = {2009},
  subtitle  = {Toward Integration of CAD and FEA},
  publisher = {John Wiley \& Sons},
  isbn      = {978-0-470-74873-2},
  file      = {:Cottrell09Isogeometric.pdf:PDF},
  owner     = {valentjn},
  timestamp = {2018.05.23},
}

@Article{Cox72Numerical,
  author       = {Cox, Maurice G.},
  title        = {The Numerical Evaluation of {B}-Splines},
  journaltitle = {IMA Journal of Applied Mathematics},
  year         = {1972},
  volume       = {10},
  number       = {2},
  pages        = {134--149},
  doi          = {10.1093/imamat/10.2.134},
  file         = {:Cox72Numerical.pdf:PDF},
  owner        = {julian},
  timestamp    = {2014.04.27},
}

@Online{Delbos14Global,
  author    = {Delbos, Frédéric and Dumas, Laurent and Echagüe, Eugenio},
  title     = {Global Optimization Based on Sparse Grid Surrogate Models for Black-Box Expensive Functions},
  year      = {2014},
  url       = {https://web.archive.org/web/20181121161555/http://dumas.perso.math.cnrs.fr/JOGO.pdf},
  file      = {:Delbos14Global.pdf:PDF},
  owner     = {valentjn},
  shorthand = {Delb14},
  timestamp = {2018.11.21},
}

@Article{Delvos82Dvariate,
  author       = {Delvos, Franz-Jürgen},
  title        = {{$d$}-Variate {Boolean} interpolation},
  journaltitle = {Journal of Approximation Theory},
  year         = {1982},
  volume       = {34},
  pages        = {99--114},
  doi          = {10.1016/0021-9045(82)90085-5},
  file         = {:Delvos82Dvariate.pdf:PDF},
  keywords     = {sparse grids, combination technique},
  owner        = {zimmersn},
  shorthand    = {Delv82},
  timestamp    = {2015.08.04},
}

@Book{Delvos89Boolean,
  author    = {Delvos, Franz-Jürgen and Schempp, Walter},
  title     = {Boolean Methods in Interpolation and Approximation},
  year      = {1989},
  series    = {Pitman Research Notes in Mathematics},
  number    = {230},
  publisher = {Longman},
  isbn      = {978-0-470-21583-8},
  file      = {:Delvos89Boolean.pdf:PDF},
  keywords  = {sparse grids, combination technique},
  owner     = {zimmersn},
  shorthand = {Delv89},
  timestamp = {2016.08.16},
}

@InProceedings{Donahue09Robust,
  author    = {Donahue, Maia M. and Buzzard, Gregery T. and Rundell, Ann E.},
  title     = {Robust Parameter Identification with Adaptive Sparse Grid-Based Optimization for Nonlinear Systems Biology Models},
  booktitle = {Proceedings of the 2009 American Control Conference},
  year      = {2009},
  publisher = {IEEE},
  location  = {St.\ Louis},
  pages     = {5055--5060},
  doi       = {10.1109/ACC.2009.5160512},
  file      = {:Donahue09Robust.pdf:PDF},
  owner     = {julian},
  timestamp = {2014.04.03},
}

@Thesis{Ferenczi05Globale,
  author      = {Ferenczi, Izabella},
  title       = {\foreignlanguage{ngerman}{Globale Optimierung unter Nebenbedingungen mit dünnen Gittern}},
  type        = {Diploma thesis},
  institution = {Technical University of Munich, Department of Mathematics},
  year        = {2005},
  file        = {:Ferenczi05Globale.pdf:PDF},
  owner       = {julian},
  shorthand   = {Fere05},
  timestamp   = {2014.03.28},
}

@Article{Fernandez05Anatomically,
  author       = {Fernandez, Justin W. and Hunter, Peter J.},
  title        = {An Anatomically Based Patient-Specific Finite Element Model of Patella Articulation: {Towards} a Diagnostic Tool},
  journaltitle = {Biomechanics and Modeling in Mechanobiology},
  year         = {2005},
  volume       = {4},
  number       = {1},
  pages        = {20--38},
  doi          = {10.1007/s10237-005-0072-0},
  file         = {:Fernandez05Anatomically.pdf:PDF},
  owner        = {valentjn},
  shorthand    = {Fern05},
  timestamp    = {2018.09.15},
}

@Thesis{Franzelin17Data,
  author      = {Franzelin, Fabian},
  title       = {Data-Driven Uncertainty Quantification for Large-Scale Simulations},
  type        = {PhD thesis},
  institution = {University of Stuttgart, Department of Computer Science, IPVS},
  year        = {2017},
  file        = {:Franzelin17Data.pdf:PDF},
  owner       = {valentjn},
  timestamp   = {2018.05.28},
}

@InProceedings{Franzelin16From,
  author    = {Franzelin, Fabian and Pflüger, Dirk},
  title     = {From Data to Uncertainty: {An} Efficient Integrated Data-Driven Sparse Grid Approach to Propagate Uncertainty},
  booktitle = {Sparse Grids and Applications -- Stuttgart 2014},
  year      = {2016},
  editor    = {Garcke, Jochen and Pflüger, Dirk},
  series    = {Lecture Notes in Computational Science and Engineering},
  number    = {109},
  publisher = {Springer},
  pages     = {29--49},
  doi       = {10.1007/978-3-319-28262-6_2},
  file      = {:Franzelin16From.pdf:PDF},
  owner     = {valentjn},
  timestamp = {2018.05.27},
}

@Book{Freund07Stoer,
  author    = {Freund, Roland W. and Hoppe, Ronald H. W.},
  title     = {\foreignlanguage{ngerman}{Stoer\hspace{-0.1em}/Bulirsch:\hspace{-0.1em} Numerische Mathematik 1}},
  year      = {2007},
  edition   = {10},
  publisher = {Springer},
  isbn      = {978-3-540-45389-5},
  file      = {:Freund07Stoer.pdf:PDF},
  owner     = {valentjn},
  timestamp = {2018.04.05},
}

@Article{Gao12Implementing,
  author       = {Gao, Fuchang and Han, Lixing},
  title        = {Implementing the {Nelder}-{Mead} Simplex Algorithm with Adaptive Parameters},
  journaltitle = {Computational Optimization and Applications},
  date         = {2012},
  volume       = {51},
  number       = {1},
  pages        = {256--277},
  doi          = {10.1007/s10589-010-9329-3},
  file         = {:Gao12Implementing.pdf:PDF},
  owner        = {julian},
  timestamp    = {2014.05.31},
}

@InProceedings{Garcke13Sparse,
  author    = {Garcke, Jochen},
  title     = {Sparse Grids in a Nutshell},
  booktitle = {Sparse Grids and Applications},
  year      = {2013},
  editor    = {Garcke, Jochen and Griebel, Michael},
  series    = {Lecture Notes in Computational Science and Engineering},
  number    = {88},
  publisher = {Springer},
  pages     = {57--80},
  doi       = {10.1007/978-3-642-31703-3_3},
  file      = {:Garcke13Sparse.pdf:PDF},
  owner     = {julian},
  timestamp = {2014.03.29},
}

@Article{Garcke01Data,
  author       = {Garcke, Jochen and Griebel, Michael and Thess, Michael},
  title        = {Data Mining with Sparse Grids},
  journaltitle = {Computing},
  year         = {2001},
  volume       = {67},
  number       = {3},
  pages        = {225--253},
  doi          = {10.1007/s006070170007},
  file         = {:Garcke01Data.pdf:PDF},
  owner        = {julian},
  timestamp    = {2014.04.04},
}

@Online{Gavana13Global,
  author    = {Gavana, Andrea},
  title     = {Global Optimization Benchmarks and AMPGO},
  year      = {2013},
  subtitle  = {Test Functions Index},
  addendum  = {\scriptsize\href{https://web.archive.org/web/20171217080109/http://infinity77.net/global_optimization/test_functions.html}{\nolinkurl{https://web.archive.org/web/20171217080109/http://infinity77.net/global_optimizat}}\\\href{https://web.archive.org/web/20171217080109/http://infinity77.net/global_optimization/test_functions.html}{\nolinkurl{ion/test_functions.html}}},
  owner     = {valentjn},
  timestamp = {2018.07.22},
}

@Article{Gerstner98Numerical,
  author       = {Gerstner, Thomas and Griebel, Michael},
  title        = {Numerical Integration using Sparse Grids},
  journaltitle = {Numerical Algorithms},
  year         = {1998},
  volume       = {18},
  number       = {3--4},
  pages        = {209--232},
  doi          = {10.1023/A:1019129717644},
  file         = {:Gerstner98Numerical.pdf:PDF},
  owner        = {julian},
  timestamp    = {2014.03.31},
}

@Article{Goldstein71Descent,
  author       = {Goldstein, Allen A. and Price, James F.},
  title        = {On Descent from Local Minima},
  journaltitle = {Mathematics of Computation},
  year         = {1971},
  volume       = {25},
  number       = {115},
  pages        = {569--574},
  doi          = {10.2307/2005219},
  file         = {:Goldstein71Descent.pdf:PDF},
  owner        = {valentjn},
  timestamp    = {2018.08.03},
}

@Book{Graham94Concrete,
  author    = {Graham, Ronald L. and Knuth, Donald E. and Patashnik, Oren},
  title     = {Concrete Mathematics},
  year      = {1994},
  subtitle  = {A Foundation of Computer Science},
  edition   = {2},
  publisher = {Addison-Wesley},
  isbn      = {978-0-201-55802-9},
  file      = {:Graham94Concrete.pdf:PDF},
  owner     = {valentjn},
  timestamp = {2018.03.13},
}

@Article{Griebel10Finite,
  author       = {Griebel, Michael and Hegland, Markus},
  title        = {A Finite Element Method for Density Estimation with Gaussian Process Priors},
  journaltitle = {SIAM Journal on Numerical Analysis},
  year         = {2010},
  volume       = {47},
  number       = {6},
  pages        = {4759--4792},
  doi          = {10.1137/080736478},
  file         = {:Griebel10Finite.pdf:PDF},
  owner        = {valentjn},
  timestamp    = {2018.05.27},
}

@InProceedings{Griebel92Combination,
  author    = {Griebel, Michael and Schneider, Michael and Zenger, Christoph},
  title     = {A Combination Technique For The Solution Of Sparse Grid Problems},
  booktitle = {Proceedings of the IMACS International Symposium on Iterative Methods in Linear Algebra},
  year      = {1992},
  editor    = {de Groen, Pieter and Beauwens, Robert},
  publisher = {North Holland},
  isbn      = {978-0-444-89248-5},
  pages     = {263--281},
  file      = {:Griebel92Combination.pdf:PDF},
  owner     = {hoone},
  timestamp = {2015.02.25},
}

@Article{Hansen03Reducing,
  author       = {Nikolaus Hansen and Sibylle D. Müller and Petros Koumoutsakos},
  title        = {Reducing the Time Complexity of the Derandomized Evolution Strategy with Covariance Matrix Adaptation ({CMA}-{ES})},
  journaltitle = {Evolutionary Computation},
  year         = {2003},
  volume       = {11},
  number       = {1},
  pages        = {1--18},
  doi          = {10.1162/106365603321828970},
  file         = {:Hansen03Reducing.pdf:PDF},
  owner        = {valentjn},
  shorthand    = {Hanse03},
  timestamp    = {2018.06.21},
}

@Book{Hanss05Applied,
  author    = {Hanss, Michael},
  title     = {Applied Fuzzy Arithmetic},
  year      = {2005},
  subtitle  = {An Introduction with Engineering Applications},
  publisher = {Springer},
  isbn      = {978-3-540-24201-7},
  file      = {:Hanss05Applied.pdf:PDF},
  owner     = {valentjn},
  shorthand = {Hanss05},
  timestamp = {2018.06.29},
}

@PhdThesis{Heene18Massively,
  author      = {Heene, Mario},
  title       = {A Massively Parallel Combination Technique for the Solution of High-Di\-mensional {PDEs}},
  institution = {University of Stuttgart, Institute for Parallel and Distributed Systems},
  year        = {2018},
  doi         = {10.18419/opus-9893},
  file        = {:Heene18Massively.pdf:PDF},
  owner       = {valentjn},
  timestamp   = {2018.10.02},
}

@Article{Hegland07Combination,
  author       = {Hegland, Markus and Garcke, Jochen and Challis, Vivien},
  title        = {The Combination Technique and Some Generalisations},
  journaltitle = {Linear Algebra and its Applications},
  year         = {2007},
  volume       = {420},
  number       = {2--3},
  pages        = {249--275},
  doi          = {10.1016/j.laa.2006.07.014},
  file         = {:Hegland07Combination.pdf:PDF},
  keywords     = {combination technique, opticom},
  owner        = {hoone},
  timestamp    = {2015.02.13},
}

@Article{Heidlauf14Multiscale,
  author       = {Heidlauf, Thomas and Röhrle, Oliver},
  title        = {A Multiscale Chemo-Electro-Mechanical Skeletal Muscle Model to Analyze Muscle Contraction and Force Generation for Different Muscle Fiber Arrangements},
  journaltitle = {Frontiers in Physiology},
  year         = {2014},
  volume       = {5},
  eid          = {498},
  pages        = {1--14},
  doi          = {10.3389/fphys.2014.00498},
  file         = {:Heidlauf14Multiscale.pdf:PDF},
  owner        = {valentjn},
  timestamp    = {2018.09.15},
}

@Book{Higham02Accuracy,
  author    = {Higham, Nicholas J.},
  title     = {Accuracy and Stability of Numerical Algorithms},
  year      = {2002},
  edition   = {2},
  publisher = {SIAM},
  isbn      = {978-0-89871-521-7},
  file      = {:Higham02Accuracy.pdf:PDF},
  owner     = {valentjn},
  timestamp = {2018.04.02},
}

@Book{Hoellig03Finite,
  author    = {Höllig, Klaus},
  title     = {Finite Element Methods with {B}-Splines},
  year      = {2003},
  publisher = {SIAM},
  isbn      = {978-0-89871-699-3},
  file      = {:Hoellig03Finite.pdf:PDF},
  owner     = {julian},
  timestamp = {2014.04.08},
}

@Book{Hoellig13Approximation,
  author    = {Höllig, Klaus and Hörner, Jörg},
  title     = {Approximation and Modeling with {B}-Splines},
  year      = {2013},
  publisher = {SIAM},
  isbn      = {978-1-611972-94-8},
  owner     = {julian},
  timestamp = {2014.04.08},
}

@InProceedings{Hoellig12Finite,
  author    = {Höllig, Klaus and Hörner, Jörg and Hoffacker, Axel},
  title     = {Finite Element Analysis with {B}-Splines: {Weight\-ed} and Isogeometric Methods},
  booktitle = {Curves and Surfaces: 7th International Conference on Curves and Surfaces},
  year      = {2012},
  editor    = {Boissonnat, Jean-Daniel and Chenin, Patrick and Cohen, Albert and Gout, Christian and Lyche, Tom and Mazure, Marie-Laurence and Schumaker, Larry},
  series    = {Lecture Notes in Computer Science},
  number    = {6920},
  publisher = {Springer},
  doi       = {10.1007/978-3-642-27413-8_21},
  owner     = {valentjn},
  timestamp = {2018.02.28},
}

@Report{Horneff16Efficient,
  author      = {Horneff, Vanya and Maurer, Raimond and Schober, Peter},
  title       = {Efficient Parallel Solution Methods for Dynamic Portfolio Choice Models in Discrete Time},
  type        = {working paper},
  institution = {SSRN},
  year        = {2016},
  doi         = {10.2139/ssrn.2665031},
  file        = {:Horneff16Efficient.pdf:PDF},
  owner       = {valentjn},
  timestamp   = {2018.09.05},
}

@Thesis{Huebner14Mehrdimensionale,
  author      = {Hübner, Daniel},
  title       = {\foreignlanguage{ngerman}{Mehrdimensionale Parametrisierung der Mikrozellen in der Zwei-Skalen-Optimierung}},
  type        = {Master's thesis},
  institution = {FAU Erlangen-Nürnberg, Department of Mathematics},
  year        = {2014},
  file        = {:Huebner14Mehrdimensionale.pdf:PDF},
  owner       = {valentjn},
  timestamp   = {2015.01.14},
}

@Article{Judd14Smolyak,
  author       = {Judd, Kenneth L. and Maliar, Lilia and Maliar, Serguei and Valero, Rafael},
  title        = {Smolyak Method for Solving Dynamic Economic Models: {Lagrange} Interpolation, Anisotropic Grid and Adaptive Domain},
  journaltitle = {Journal of Economic Dynamics and Control},
  year         = {2014},
  volume       = {44},
  pages        = {92--123},
  doi          = {10.1016/j.jedc.2014.03.003},
  file         = {:Judd14Smolyak.pdf:PDF},
  owner        = {valentjn},
  timestamp    = {2018.09.03},
}

@Article{Kaltenbacher10Advanced,
  author        = {Kaltenbacher, Manfred},
  title         = {Advanced Simulation Tool for the Design of Sensors and Actuators},
  journaltitle  = {Procedia Engineering},
  year          = {2010},
  editor        = {Jakoby, Bernhard and Vellekoop, Michael J.},
  issuetitle    = {Eurosensor XXIV Conference},
  issuesubtitle = {5--8 September 2010, Linz, Austria},
  volume        = {5},
  pages         = {597--600},
  doi           = {10.1016/j.proeng.2010.09.180},
  file          = {:Kaltenbacher10Advanced.pdf:PDF},
  owner         = {valentjn},
  timestamp     = {2018.10.14},
}

@InProceedings{Kennedy95Particle,
  author    = {Kennedy, James and Eberhart, Russell},
  title     = {Particle Swarm Optimization},
  booktitle = {1995 IEEE International Conference on Neural Networks},
  year      = {1995},
  volume    = {4},
  publisher = {IEEE},
  pages     = {1942--1948},
  doi       = {10.1109/ICNN.1995.488968},
  file      = {:Kennedy95Particle.pdf:PDF},
  owner     = {valentjn},
  timestamp = {2018.06.21},
}

@Book{Kiranyaz14Multidimensional,
  author    = {Kiranyaz, Serkan and Ince, Turker and Gabbouj, Moncef},
  title     = {Multidimensional Particle Swarm Optimization for Machine Learning and Pattern Recognition},
  year      = {2014},
  series    = {Adaptation, Learning, and Optimization},
  number    = {15},
  publisher = {Springer},
  isbn      = {978-3-642-37845-4},
  file      = {:Kiranyaz14Multidimensional.pdf:PDF},
  owner     = {valentjn},
  timestamp = {2018.06.19},
}

@Article{Klimke05Algorithm,
  author       = {Klimke, Andreas and Wohlmuth, Barbara},
  title        = {Algorithm 847: \texttt{spinterp}},
  journaltitle = {ACM Transactions on Mathematical Software},
  year         = {2005},
  subtitle     = {Piecewise Multilinear Hierarchical Sparse Grid Interpolation in MATLAB},
  volume       = {31},
  number       = {4},
  pages        = {561--579},
  doi          = {10.1145/1114268.1114275},
  file         = {:Klimke05Algorithm.pdf:PDF},
  owner        = {julian},
  timestamp    = {2014.03.31},
}

@Book{Klimke06Uncertainty,
  author    = {W. Andreas Klimke},
  title     = {Uncertainty Modeling Using Fuzzy Arithmetic and Sparse Grids},
  year      = {2006},
  series    = {\foreignlanguage{ngerman}{Industriemathematik und Angewandte Mathematik}},
  publisher = {Shaker Verlag},
  isbn      = {978-3-8322-4766-9},
  file      = {:Klimke06Uncertainty.pdf:PDF},
  owner     = {valentjn},
  timestamp = {2018.06.28},
}

@Article{Knuth74Structured,
  author       = {Knuth, Donald E.},
  title        = {Structured Programming with \texttt{go to} Statements},
  journaltitle = {ACM Computing Surveys},
  year         = {1974},
  volume       = {6},
  number       = {4},
  pages        = {261--301},
  doi          = {10.1145/356635.356640},
  file         = {:Knuth74Structured.pdf:PDF},
  owner        = {valentjn},
  timestamp    = {2018.08.20},
}

@Online{Knuth77Notes,
  author    = {Knuth, Donald E.},
  title     = {Notes on the {van} {Emde} {Boas} Construction of Priority Deques: {An} Instructive Use of Recursion},
  year      = {1977},
  url       = {https://web.archive.org/web/20180116050102/https://staff.fnwi.uva.nl/p.vanemdeboas/knuthnote.pdf},
  pubstate  = {published as:\ The Correspondence between Donald E.\ Knuth and Peter van Emde Boas on Priority Deques During the Spring of 1977},
  file      = {:Knuth77Notes.pdf:PDF},
  owner     = {valentjn},
  timestamp = {2018.10.01},
}

@InReference{Kudryavtsev95Implicit,
  author    = {Kudryavtsev, Lev D.},
  title     = {Implicit Function},
  booktitle = {Heaps and Semi-Heaps \hspace{-0.1em}--\hspace{-0.1em} Moments, Method of (in Probability Theory)},
  year      = {1995},
  editor    = {Hazewinkel, Michiel},
  maintitle = {Encyclopaedia of Mathematics},
  volume    = {3},
  publisher = {Kluwer Academic Publishers},
  isbn      = {978-1-55608-010-4},
  pages     = {145--147},
  owner     = {valentjn},
  timestamp = {2018.09.17},
}

@Book{Laarhoven87Simulated,
  author    = {van Laarhoven, Peter J. M. and Aarts, Emile H. L.},
  title     = {Simulated Annealing: Theory and Applications},
  year      = {1987},
  series    = {Mathematics and Its Applications},
  publisher = {Kluwer},
  isbn      = {978-90-481-8438-5},
  file      = {:Laarhoven87Simulated.pdf:PDF},
  owner     = {valentjn},
  timestamp = {2018.06.21},
}

@Article{Lee09Comprehensive,
  author       = {Lee, Sung-Hee and Sifakis, Eftychios and Terzopoulos, Demetri},
  title        = {Comprehensive Biomechanical Modeling and Simulation of the Upper Body},
  journaltitle = {ACM Transactions on Graphics},
  year         = {2009},
  volume       = {28},
  number       = {4},
  eid          = {99},
  pages        = {1--17},
  doi          = {10.1145/1559755.1559756},
  file         = {:Lee09Comprehensive.pdf:PDF},
  owner        = {valentjn},
  timestamp    = {2018.09.15},
}

@Article{Lemos05Modeling,
  author       = {Lemos, Robson R. and Rokne, Jon and Baranoski, Gladimir V. G. and Kawakami, Yasuo and Kurihara, Toshiyuki},
  title        = {Modeling and Simulating the Deformation of Human Skeletal Muscle Based on Anatomy and Physiology},
  journaltitle = {Computer Animation and Virtual Worlds},
  year         = {2005},
  volume       = {16},
  number       = {3--4},
  pages        = {319--330},
  doi          = {10.1002/cav.83},
  file         = {:Lemos05Modeling.pdf:PDF},
  owner        = {valentjn},
  timestamp    = {2018.09.15},
}

@Book{Martin16Formoptimierung,
  author    = {Florian Martin},
  title     = {\foreignlanguage{ngerman}{Formoptimierung elastischer Bauteile mit gewichteten B-Splines}},
  year      = {2016},
  series    = {BestMasters},
  publisher = {Springer Spektrum},
  isbn      = {978-3-658-13293-4},
  file      = {:Martin16Formoptimierung.pdf:PDF},
  owner     = {valentjn},
  timestamp = {2018.05.14},
}

@Book{Martin17WEB,
  author    = {Martin, Florian},
  title     = {WEB-Spline Approximation and Collocation for Singular and Time-Dependent Problems},
  year      = {2017},
  publisher = {Shaker Verlag},
  isbn      = {978-3-8440-5428-6},
  file      = {:Martin17WEB.pdf:PDF},
  owner     = {valentjn},
  timestamp = {2018.10.01},
}

@Article{McCurdy04Implementation,
  author       = {McCurdy, C. William and Mart\'{i}n, Fernando},
  title        = {Implementation of Exterior Complex Scaling in {B}-Splines to Solve Atomic and Molecular Collision Problems},
  journaltitle = {Journal of Physics B: Atomic, Molecular and Optical Physics},
  year         = {2004},
  volume       = {37},
  number       = {4},
  pages        = {917--936},
  doi          = {10.1088/0953-4075/37/4/017},
  file         = {:McCurdy04Implementation.pdf:PDF},
  keywords     = {maths,bsplines},
  owner        = {valentjn},
  timestamp    = {2015.01.14},
}

@Article{McKinnon98Convergence,
  author       = {McKinnon, Ken I. M.},
  title        = {Convergence of the {Nelder}--{Mead} Simplex Method to a Nonstationary Point},
  journaltitle = {SIAM Journal on Optimization},
  year         = {1998},
  volume       = {9},
  number       = {1},
  pages        = {148--158},
  doi          = {10.1137/s1052623496303482},
  file         = {:McKinnon98Convergence.pdf:PDF},
  owner        = {valentjn},
  publisher    = {Society for Industrial {\&} Applied Mathematics ({SIAM})},
  timestamp    = {2018.06.21},
}

@Book{More87Optimization,
  author    = {Moré, Jorge J. and Wright, Stephen J.},
  title     = {Optimization Software Guide},
  year      = {1987},
  series    = {Frontiers in Applied Mathematics},
  number    = {14},
  publisher = {SIAM},
  isbn      = {978-0-89871-322-0},
  owner     = {valentjn},
  timestamp = {2018.06.20},
}

@Thesis{Mueller15Ansaetze,
  author      = {Müller-Freitag, Julian},
  title       = {\foreignlanguage{ngerman}{Ansätze zur Berücksichtigung von Schätzrisiken in der Asset Allocation}},
  type        = {Bachelor's thesis},
  institution = {Goethe University Frankfurt, Faculty of Economics and Business Administration, Department of Finance},
  year        = {2015},
  file        = {:Mueller15Ansaetze.pdf:PDF},
  owner       = {valentjn},
  timestamp   = {2018.11.17},
}

@Article{Munteanu98Global,
  author       = {Munteanu, Cristian and Lazarescu, Vasile},
  title        = {Global Search Using A New Evolutionary Framework: {The} Adaptive Reservoir Genetic Algorithm},
  journaltitle = {Complexity International},
  year         = {1998},
  volume       = {5},
  addendum     = {\scriptsize\href{https://web.archive.org/web/20110405204539/http://www.complexity.org.au/ci/vol05/munteanu/munteanu.html}{\nolinkurl{https://web.archive.org/web/20110405204539/http://www.complexity.org.au/ci/vol05/munteanu/munte}}\\\href{https://web.archive.org/web/20110405204539/http://www.complexity.org.au/ci/vol05/munteanu/munteanu.html}{\nolinkurl{anu.html}}},
  file         = {:Munteanu98Global.pdf:PDF},
  owner        = {valentjn},
  timestamp    = {2018.07.12},
}

@Article{Nelder65Simplex,
  author       = {Nelder, John A. and Mead, Roger},
  title        = {A Simplex Method for Function Minimization},
  journaltitle = {The Computer Journal},
  year         = {1965},
  volume       = {7},
  number       = {4},
  pages        = {308--313},
  doi          = {10.1093/comjnl/7.4.308},
  file         = {:Nelder65Simplex.pdf:PDF},
  owner        = {valentjn},
  timestamp    = {2015.01.14},
}

@InProceedings{Nobile16Adaptive,
  author    = {Nobile, Fabio and Tamellini, Lorenzo and Tesei, Francesco and Tempone, Raúl},
  title     = {An Adaptive Sparse Grid Algorithm for Elliptic {PDEs} with Lognormal Diffusion Coefficient},
  booktitle = {Sparse Grids and Applications -- Stuttgart 2014},
  year      = {2016},
  editor    = {Garcke, Jochen and Pflüger, Dirk},
  series    = {Lecture Notes in Computational Science and Engineering},
  number    = {109},
  publisher = {Springer},
  pages     = {191--220},
  doi       = {10.1007/978-3-319-28262-6_8},
  file      = {:Nobile16Adaptive.pdf:PDF},
  owner     = {franzefn},
  timestamp = {2015.11.12},
}

@Book{Nocedal99Numerical,
  author    = {Nocedal, Jorge and Wright, Stephen J.},
  title     = {Numerical Optimization},
  year      = {1999},
  edition   = {2},
  series    = {Springer Series in Operations Research},
  publisher = {Springer},
  isbn      = {978-0-387-98793-4},
  file      = {:Nocedal99Numerical.pdf:PDF},
  owner     = {valentjn},
  timestamp = {2015.09.22},
}

@InBook{Novak96Global,
  author       = {Novak, Erich and Ritter, Klaus},
  title        = {Global Optimization Using Hyperbolic Cross Points},
  booktitle    = {State of the Art in Global Optimization},
  year         = {1996},
  editor       = {Floudas, Christodoulos A. and Pardalos, Panos M.},
  booksubtitle = {Computational Methods and Applications},
  isbn         = {978-1-4613-3439-2},
  pages        = {19--33},
  file         = {:Novak96Global.pdf:PDF},
  owner        = {valentjn},
  timestamp    = {2018.08.03},
}

@Thesis{Pandey08Regression,
  author      = {Pandey, Deepak},
  title       = {Regression with Spatially Adaptive Sparse Grids in Financial Applications},
  type        = {Master's thesis},
  institution = {Technical University of Munich, Institute of Computer Science},
  year        = {2008},
  owner       = {julian},
  timestamp   = {2014.04.08},
}

@InProceedings{Peherstorfer14Density,
  author    = {Peherstorfer, Benjamin and Pflüger, Dirk and Bungartz, Hans-Joachim},
  title     = {Density Estimation with Adaptive Sparse Grids for Large Data Sets},
  booktitle = {Proceedings of the 2014 SIAM International Conference on Data Mining},
  year      = {2014},
  editor    = {Zaki, Mohammed and Obradovic, Zoran and Tan, Pang-Ning and Banerjee, Arindam and Kamath, Chandrika and Parthasarathy, Srinivasan},
  publisher = {SIAM},
  pages     = {443--451},
  doi       = {10.1137/1.9781611973440.51},
  file      = {:Peherstorfer14Density.pdf:PDF},
  owner     = {valentjn},
  timestamp = {2018.06.06},
}

@Book{Pflueger10Spatially,
  author    = {Pflüger, Dirk},
  title     = {Spatially Adaptive Sparse Grids for High-Dimensional Problems},
  year      = {2010},
  publisher = {Verlag Dr.\ Hut},
  isbn      = {978-3-86853-555-6},
  file      = {:Pflueger10Spatially.pdf:PDF},
  owner     = {julian},
  timestamp = {2014.03.29},
}

@InProceedings{Pflueger13Spatially,
  author    = {Pflüger, Dirk},
  title     = {Spatially Adaptive Refinement},
  booktitle = {Sparse Grids and Applications},
  year      = {2013},
  editor    = {Garcke, Jochen and Griebel, Michael},
  series    = {Lecture Notes in Computational Science and Engineering},
  number    = {88},
  publisher = {Springer},
  pages     = {243--262},
  doi       = {10.1007/978-3-642-31703-3_12},
  file      = {:Pflueger13Spatially.pdf:PDF},
  owner     = {valentjn},
  timestamp = {2014.03.29},
}

@InProceedings{Pflueger14EXAHD,
  author       = {Pflüger, Dirk and Bungartz, Hans-Joachim and Griebel, Michael and Jenko, Frank and Dannert, Tilman and Heene, Mario and Kowitz, Christoph and Hinojosa, Alfredo Parra and Zaspel, Peter},
  title        = {{EXAHD}: {An} Exa-Scalable Two-Level Sparse Grid Approach for Higher-Dimensional Problems in Plasma Physics and Beyond},
  booktitle    = {Euro-Par 2014: Parallel Processing Workshops},
  year         = {2014},
  editor       = {Lopes, Luís and Žilinskas, Julius and Costan, Alexandru and Cascella, Roberto G. and Kecskemeti, Gabor and Jeannot, Emmanuel and Cannataro, Mario and Ricci, Laura and Benkner, Siegfried and Petit, Salvador and Scarano, Vittorio and Gracia, José and Hunold, Sascha and Scott, Stephen L. and Lankes, Stefan and Lengauer, Christian and Carretero, Jesús and Breitbart, Jens and Alexander, Michael},
  booksubtitle = {Revised Selected Papers, Part II},
  series       = {Lecture Notes in Computer Science},
  number       = {8806},
  publisher    = {Springer},
  pages        = {565--576},
  doi          = {10.1007/978-3-319-14313-2_48},
  file         = {:Pflueger14EXAHD.pdf:PDF},
  owner        = {valentjn},
  timestamp    = {2015.02.26},
}

@InProceedings{Pflueger16Scalability,
  author       = {Pflüger, Dirk and Mehl, Miriam and Valentin, Julian and Lindner, Florian and Pfander, David and Wagner, Stefan and Graziotin, Daniel and Wang, Yang},
  title        = {The Scalability-Efficiency/Maintainability-Portability Trade-Off in Simulation Software Engineering: {Examples} and a Preliminary Systematic Literature Review},
  booktitle    = {Proceedings of the 2016 Fourth International Workshop on Software Engineering for High Performance Computing in Computational Science and Engineering (SE-HPCCSE 2016)},
  year         = {2016},
  booksubtitle = {Held in Conjunction with SC16, Salt Lake City, Utah},
  publisher    = {IEEE},
  pages        = {26--34},
  doi          = {10.1109/SE-HPCCSE.2016.008},
  file         = {:Pflueger16Scalability.pdf:PDF},
  options      = {minbibnames=3},
  owner        = {valentjn},
  timestamp    = {2018.09.02},
}

@Book{Polak71Computational,
  author    = {Polak, Elijah},
  title     = {Computational Methods in Optimization},
  year      = {1971},
  subtitle  = {A Unified Approach},
  series    = {Mathematics in Science and Engineering},
  number    = {77},
  publisher = {Academic Press},
  isbn      = {978-0-12-559350-2},
  owner     = {valentjn},
  timestamp = {2018.06.20},
}

@Book{Press07Numerical,
  author    = {Press, William H. and Teukolsky, Saul A. and Vetterling, William T. and Flannery, Brian P.},
  title     = {Numerical Recipes},
  year      = {2007},
  subtitle  = {The Art of Scientific Computing},
  edition   = {3},
  publisher = {Cambridge University Press},
  isbn      = {978-0-521-88068-8},
  file      = {:Press07Numerical.pdf:PDF},
  owner     = {valentjn},
  timestamp = {2018.06.21},
}

@Article{Qian13Topology,
  author       = {Qian, Xiaoping},
  title        = {Topology Optimization in {B}-Spline Space},
  journaltitle = {Computer Methods in Applied Mechanics and Engineering},
  year         = {2013},
  volume       = {265},
  pages        = {15--35},
  doi          = {10.1016/j.cma.2013.06.001},
  file         = {:Qian13Topology.pdf:PDF},
  owner        = {valentjn},
  timestamp    = {2018.05.15},
}

@Article{Quak16About,
  author       = {Quak, Ewald},
  title        = {About {B}-Splines. {Twenty} Answers to One Question: {What} is the Cubic {B}-Spline for the Knots $-2, -1, 0, 1, 2$?},
  journaltitle = {Journal of Numerical Analysis and Approximation Theory},
  year         = {2016},
  volume       = {45},
  number       = {1},
  pages        = {37--83},
  file         = {:Quak16About.pdf:PDF},
  owner        = {valentjn},
  timestamp    = {2018.09.02},
}

@Book{Reinhardt13Nichtlineare,
  author    = {Reinhardt, Rüdiger and Hoffmann, Armin and Gerlach, Tobias},
  title     = {\foreignlanguage{ngerman}{Nichtlineare Optimierung}},
  year      = {2013},
  subtitle  = {Theorie, Numerik und Experimente},
  publisher = {Springer Spektrum},
  isbn      = {978-3-8274-2948-3},
  file      = {:Reinhardt13Nichtlineare.pdf:PDF},
  owner     = {valentjn},
  timestamp = {2018.06.22},
}

@InProceedings{Riedmiller93Direct,
  author    = {Riedmiller, Martin and Braun, Heinrich},
  title     = {A Direct Adaptive Method for Faster Backpropagation Learning: {The} {RPROP} Algorithm},
  booktitle = {1993 IEEE International Conference on Neural Networks},
  year      = {1993},
  volume    = {1},
  publisher = {IEEE},
  pages     = {586--591},
  doi       = {10.1109/ICNN.1993.298623},
  file      = {:Riedmiller93Direct.pdf:PDF},
  owner     = {valentjn},
  timestamp = {2018.06.22},
}

@Article{Roehrle16Two,
  author       = {Röhrle, Oliver and Sprenger, Michael and Schmitt, Syn},
  title        = {A Two-Muscle, Continuum-Mechanical Forward Simulation of the Upper Limb},
  journaltitle = {Biomechanics and Modeling in Mechanobiology},
  year         = {2016},
  volume       = {16},
  number       = {3},
  pages        = {743--762},
  doi          = {10.1007/s10237-016-0850-x},
  file         = {:Roehrle16Two.pdf:PDF},
  owner        = {valentjn},
  timestamp    = {2018.09.14},
}

@Article{Runarsson00Stochastic,
  author       = {Runarsson, Thomas P. and Yao, Xin},
  title        = {Stochastic Ranking for Constrained Evolutionary Optimization},
  journaltitle = {IEEE Transactions on Evolutionary Computation},
  year         = {2000},
  volume       = {4},
  number       = {3},
  pages        = {284--294},
  doi          = {10.1109/4235.873238},
  file         = {:Runarsson00Stochastic.pdf:PDF},
  owner        = {valentjn},
  timestamp    = {2018.07.22},
}

@InReference{Rust18Dynamic,
  author    = {Rust, John},
  title     = {Dynamic Programming},
  booktitle = {The New Palgrave Dictionary of Economics},
  year      = {2018},
  edition   = {3},
  publisher = {Palgrave Macmillan},
  isbn      = {978-1-349-95188-8},
  pages     = {3133--3158},
  file      = {:Rust18Dynamic.pdf:PDF},
  owner     = {valentjn},
  timestamp = {2018.10.09},
}

@Book{Schneider03Geometric,
  author    = {Schneider, Philip J. and Eberly, David H.},
  title     = {Geometric Tools for Computer Graphics},
  year      = {2003},
  publisher = {Morgan Kaufmann},
  isbn      = {978-1-55860-594-7},
  file      = {:Schneider03Geometric.pdf:PDF},
  owner     = {valentjn},
  shorthand = {Schn03},
  timestamp = {2018.09.24},
}

@InProceedings{Schober18Solving,
  author    = {Schober, Peter},
  title     = {Solving Dynamic Portfolio Choice Models in Discrete Time Using Spatially Adaptive Sparse Grids},
  booktitle = {Sparse Grids and Applications -- Miami 2016},
  year      = {2018},
  editor    = {Garcke, Jochen and Pflüger, Dirk and Webster, Clayton G. and Zhang, Guannan},
  series    = {Lecture Notes in Computational Science and Engineering},
  number    = {123},
  publisher = {Springer},
  pages     = {135--173},
  doi       = {10.1007/978-3-319-75426-0_7},
  file      = {:Schober18Solving.pdf:PDF},
  owner     = {valentjn},
  shorthand = {Schob18},
  timestamp = {2018.09.03},
}

@InProceedings{Schoenauer93Constrained,
  author    = {Schoenauer, Marc and Xanthakis, Spyros},
  title     = {Constrained {GA} Optimization},
  booktitle = {Proceedings of the 5th International Conference on Genetic Algorithms},
  year      = {1993},
  editor    = {Forrest, Stephanie},
  publisher = {Morgan Kaufmann},
  isbn      = {978-1-55860-299-1},
  pages     = {573--580},
  file      = {:Schoenauer93Constrained.pdf:PDF},
  owner     = {valentjn},
  shorthand = {Schoena93},
  timestamp = {2018.07.22},
}

@Article{Schoenberg46Contributions,
  author       = {Schoenberg, Isaac J.},
  title        = {Contributions to the Problem of Approximation of Equidistant Data by Analytic Functions},
  journaltitle = {Quarterly Applied Mathematics},
  year         = {1946},
  volume       = {4},
  pages        = {45--99, 112--141},
  file         = {:Schoenberg46Contributions.pdf:PDF},
  keywords     = {maths,bsplines},
  owner        = {valentjn},
  shorthand    = {Schoenb46},
  timestamp    = {2015.01.14},
}

@InProceedings{Schoenberg67Spline,
  author       = {Schoenberg, Isaac J.},
  title        = {On Spline Functions},
  booktitle    = {Inequalities},
  year         = {1967},
  editor       = {Shisha, Oved},
  booksubtitle = {Proceedings of a Symposium Held at Wright-Patterson Air Force Base, Ohio, August 19--27, 1965},
  publisher    = {Academic Press},
  isbn         = {978-0-126-40350-3},
  pages        = {255--291},
  file         = {:Schoenberg67Spline.pdf:PDF},
  owner        = {valentjn},
  shorthand    = {Schoenb67},
  timestamp    = {2018.05.17},
}

@Article{Schoenberg72Cardinal,
  author       = {Schoenberg, Isaac J.},
  title        = {Cardinal Interpolation and Spline Functions: {II}},
  journaltitle = {Journal of Approximation Theory},
  year         = {1972},
  subtitle     = {Interpolation of Data of Power Growth},
  volume       = {6},
  number       = {4},
  doi          = {10.1016/0021-9045(72)90048-2},
  file         = {:Schoenberg72Cardinal.pdf:PDF},
  owner        = {valentjn},
  shorthand    = {Schoenb72},
  timestamp    = {2018.03.23},
}

@Book{Schoenberg73Cardinal,
  author    = {Schoenberg, Isaac J.},
  title     = {Cardinal Spline Interpolation},
  year      = {1973},
  series    = {CBMS-NSF Regional Conference Series in Applied Mathematics},
  number    = {12},
  publisher = {SIAM},
  isbn      = {978-0-89871-009-0},
  file      = {:Schoenberg73Cardinal.pdf:PDF},
  owner     = {valentjn},
  shorthand = {Schoenb73},
  timestamp = {2018.03.23},
}

@Book{Schwefel77Numerische,
  author     = {Schwefel, Hans-Paul},
  title      = {\foreignlanguage{ngerman}{Numerische Optimierung von Computer-Modellen mittels der Evolutionsstrategie}},
  year       = {1977},
  titleaddon = {\foreignlanguage{ngerman}{Mit einer vergleichenden Einführung in die Hill-Climbing- und Zufallsstrategien}},
  series     = {Interdisciplinary Systems Research},
  number     = {26},
  publisher  = {Birkhäuser},
  isbn       = {978-3-7643-0876-6},
  file       = {:Schwefel77Numerische.pdf:PDF},
  owner      = {valentjn},
  shorthand  = {Schw77},
  timestamp  = {2018.07.13},
}

@Article{Sharafi11Strains,
  author       = {Sharafi, Bahar and Ames, Elizabeth G. and Holmes, Jeffrey W. and Blemker, Silvia S.},
  title        = {Strains at the Myotendinous Junction Predicted by a Micromechanical Model},
  journaltitle = {Journal of Biomechanics},
  year         = {2011},
  volume       = {44},
  number       = {16},
  pages        = {2795--2801},
  doi          = {10.1016/j.jbiomech.2011.08.025},
  file         = {:Sharafi11Strains.pdf:PDF},
  owner        = {valentjn},
  shorthand    = {Shara11},
  timestamp    = {2018.09.15},
}

@Article{Sharpe66Mutual,
  author       = {Sharpe, William F.},
  title        = {Mutual Fund Performance},
  journaltitle = {The Journal of Business},
  year         = {1966},
  volume       = {39},
  number       = {1},
  pages        = {119--138},
  doi          = {10.1086/294846},
  file         = {:Sharpe66Mutual.pdf:PDF},
  owner        = {valentjn},
  shorthand    = {Sharp66},
  timestamp    = {2018.11.17},
}

@Article{Sickel11Spline,
  author       = {Sickel, Winfried and Ullrich, Tino},
  title        = {Spline Interpolation on Sparse Grids},
  journaltitle = {Applicable Analysis},
  year         = {2011},
  volume       = {90},
  number       = {3--4},
  pages        = {337--383},
  doi          = {10.1080/00036811.2010.495336},
  file         = {:Sickel11Spline.pdf:PDF},
  keywords     = {sparse grids, interpolation},
  owner        = {zimmersn},
  timestamp    = {2016.07.22},
}

@Article{Sigmund01Line,
  author       = {Sigmund, Ole},
  title        = {A 99 Line Topology Optimization Code Written in {Matlab}},
  journaltitle = {Structural and Multidisciplinary Optimization},
  year         = {2001},
  volume       = {21},
  number       = {2},
  pages        = {120--127},
  doi          = {10.1007/s001580050176},
  file         = {:Sigmund01Line.pdf:PDF},
  owner        = {valentjn},
  timestamp    = {2018.10.10},
}

@Article{Smolyak63Quadrature,
  author       = {Smolyak, Sergey A.},
  title        = {Quadrature and Interpolation Formulas for Tensor Products of Certain Classes of Functions},
  journaltitle = {Soviet Mathematics Doklady},
  year         = {1963},
  translator   = {Brown, James R.},
  origlanguage = {russian},
  volume       = {4},
  pages        = {240--243},
  addendum     = {Russian original: Doklady Akademii Nauk SSSR 148.5, 1963, pp.\ 1042--1045},
  file         = {:Smolyak63Quadrature.pdf:PDF},
  owner        = {zimmersn},
  timestamp    = {2016.08.29},
}

@Online{Soennerlind13Why,
  author       = {Sönnerlind, Henrik},
  title        = {Why All These Stresses and Strains?},
  year         = {2013},
  organization = {COMSOL Inc.},
  addendum     = {\scriptsize\href{https://web.archive.org/web/20150920210345/https://www.comsol.com/blogs/why-all-these-stresses-and-strains/}{\nolinkurl{https://web.archive.org/web/20150920210345/https://www.comsol.com/blogs/why-all-these-stresses-}}\\\href{https://web.archive.org/web/20150920210345/https://www.comsol.com/blogs/why-all-these-stresses-and-strains/}{\nolinkurl{and-strains/}}},
  file         = {:Soennerlind13Why.pdf:PDF},
  owner        = {valentjn},
  timestamp    = {2018.09.14},
}

@Article{Spitzer96Visible,
  author       = {Spitzer, Victor and Ackerman, Michael J. and Scherzinger, Ann L. and Whitlock, David},
  title        = {The {Visible} {Human} {Male}: {A} Technical Report},
  journaltitle = {Journal of the American Medical Informatics Association},
  year         = {1996},
  volume       = {3},
  number       = {2},
  pages        = {118--130},
  doi          = {10.1136/jamia.1996.96236280},
  file         = {:Spitzer96Visible.pdf:PDF},
  owner        = {valentjn},
  timestamp    = {2018.09.15},
}

@PhdThesis{Sprenger15Continuum,
  author      = {Sprenger, Michael},
  title       = {A {3D} Continuum-Mechanical Model for Forward-Dynamics Simulations of the Upper Limb},
  institution = {University of Stuttgart, Institute of Applied Mechanics (Civil Engineering)},
  year        = {2015},
  doi         = {10.18419/opus-8777},
  file        = {:Sprenger15Continuum.pdf:PDF},
  owner       = {valentjn},
  publisher   = {Universität Stuttgart},
  timestamp   = {2018.09.15},
}

@InProceedings{Srinivas10Gaussian,
  author    = {Srinivas, Niranjan and Krause, Andreas and Kakade, Sham and Seeger, Matthias},
  title     = {Gaussian Process Optimization in the Bandit Setting: {No} Regret and Experimental Design},
  booktitle = {Proceedings of the 27th International Conference on Machine Learning (ICML'10)},
  year      = {2010},
  publisher = {Omnipress},
  isbn      = {978-1-60558-907-7},
  pages     = {1015--1022},
  file      = {:Srinivas10Gaussian.pdf:PDF},
  owner     = {valentjn},
  timestamp = {2018.06.21},
}

@Article{Storn97Differential,
  author       = {Storn, Rainer and Price, Kenneth},
  title        = {Differential Evolution -- {A} simple and efficient heuristic for global optimization over continuous spaces},
  journaltitle = {Journal of Global Optimization},
  year         = {1997},
  volume       = {11},
  number       = {4},
  pages        = {341--359},
  doi          = {10.1023/A:1008202821328},
  file         = {:Storn97Differential.pdf:PDF},
  owner        = {valentjn},
  shorthand    = {Stor97},
  timestamp    = {2015.01.14},
}

@Manual{Stoyanov18User,
  author    = {Stoyanov, Miroslav},
  title     = {User Manual: {Toolkit} for Adaptive Stochastic Modeling and Non-Intrusive Approximation ({TASMANIAN})},
  year      = {2018},
  version   = {5.1},
  note      = {ORNL/TM-2015/596},
  file      = {:Stoyanov18User.pdf:PDF},
  owner     = {valentjn},
  shorthand = {Stoy18},
  timestamp = {2018.06.06},
}

@Article{Temljakov82Approximation,
  author       = {Temljakov, Vladimir N.},
  title        = {Approximation of Periodic Functions of Several Variables with Bounded Mixed Difference},
  journaltitle = {Mathematics of the USSR Sbornik},
  year         = {1982},
  translator   = {Cooke, Roger L.},
  origlanguage = {russian},
  volume       = {41},
  number       = {1},
  addendum     = {Russian original: Matematicheskii Sbornik 113(155).1(9), 1980, pp.\ 65--80},
  doi          = {10.1070/SM1982v041n01ABEH002220},
  file         = {:Temljakov82Approximation.pdf:PDF},
  owner        = {valentjn},
  timestamp    = {2018.06.05},
}

@Online{Toussaint15Introduction,
  author     = {Toussaint, Marc},
  title      = {Introduction to Optimization},
  year       = {2015},
  url        = {https://web.archive.org/web/20180619123151/https://ipvs.informatik.uni-stuttgart.de/mlr/marc/teaching/15-Optimization/15-Optimization-script.pdf},
  titleaddon = {lecture slides and exercices},
  file       = {:Toussaint15Introduction.pdf:PDF},
  owner      = {valentjn},
  timestamp  = {2018.06.19},
}

@Book{Ulbrich12Nichtlineare,
  author    = {Ulbrich, Michael and Ulbrich, Stefan},
  title     = {\foreignlanguage{ngerman}{Nichtlineare Optimierung}},
  year      = {2012},
  series    = {\foreignlanguage{ngerman}{Mathematik Kompakt}},
  publisher = {Birkhäu\-ser},
  isbn      = {978-3-0346-0142-9},
  file      = {:Ulbrich12Nichtlineare.pdf:PDF},
  owner     = {valentjn},
  timestamp = {2018.06.22},
}

@Article{Unser92Asymptotic,
  author       = {Unser, Michael and Aldroubi, Akram and Eden, Murray},
  title        = {On the Asymptotic Convergence of {B}-Spline Wavelets to Gabor Functions},
  journaltitle = {IEEE Transactions on Information Theory},
  year         = {1992},
  volume       = {38},
  number       = {2},
  pages        = {864--872},
  doi          = {10.1109/18.119742},
  file         = {:Unser92Asymptotic.pdf:PDF},
  owner        = {valentjn},
  timestamp    = {2018.02.15},
}

@Article{Valdez17Topology,
  author       = {Valdez, S. Ivvan and Botello, Salvador and Ochoa, Miguel A. and Marroquín, José L. and Cardoso, Victor},
  title        = {Topology Optimization Benchmarks in {2D}: {Results} for Minimum Compliance and Minimum Volume in Planar Stress Problems},
  journaltitle = {Archives of Computational Methods in Engineering},
  year         = {2017},
  volume       = {24},
  number       = {4},
  pages        = {803--839},
  doi          = {10.1007/s11831-016-9190-3},
  file         = {:Valdez17Topology.pdf:PDF},
  owner        = {valentjn},
  shorthand    = {Vald17},
  timestamp    = {2018.10.04},
}

@Thesis{Valentin12Spline,
  author      = {Valentin, Julian},
  title       = {\foreignlanguage{ngerman}{Spline-Approximation unregelmä\hspace*{-0.6mm}\smash{\rlap{\raisebox{-0.784mm}{\tikz[xscale=0.035,yscale=-0.035]{ \begin{scope}[shift={(-54.94373,-237.49756)}] \path[fill=black,line join=miter,line cap=butt,line width=0.212pt] (61.7276,240.6831) .. controls (61.9605,239.8471) and (62.0663,239.2438) .. (62.0663,238.8840) .. controls (62.0663,238.0267) and (61.4948,237.4976) .. (60.5000,237.4976) .. controls (58.9125,237.4976) and (57.9388,238.6617) .. (57.6001,240.9689) -- (57.1557,244.0063) .. controls (56.9546,245.4139) and (56.7747,246.3770) .. (56.2772,246.8956) -- (55.1766,246.6098) .. controls (55.0284,246.7156) and (54.9437,246.8638) .. (54.9437,247.0331) .. controls (54.9437,247.3718) and (55.1766,247.5941) .. (55.5152,247.5941) .. controls (56.0232,247.5941) and (56.6053,247.1919) .. (57.1662,246.3981) .. controls (57.6531,245.7208) and (57.8224,244.9271) .. (57.9600,243.9746) -- (58.4362,240.7466) .. controls (58.7114,238.8946) and (59.3570,237.9632) .. (60.4471,237.9632) .. controls (61.0397,237.9632) and (61.3572,238.2807) .. (61.3572,238.8522) .. controls (61.3572,239.2226) and (61.2726,239.6777) .. (61.1138,240.2175) .. controls (60.0661,240.3022) and (59.3993,240.9901) .. (59.3993,241.8050) .. controls (59.3993,242.3976) and (59.8015,242.6834) .. (60.4047,243.1385) .. controls (60.8492,243.4771) and (61.1350,243.7206) .. (61.1350,244.1227) .. controls (61.1350,244.6836) and (60.7646,245.0223) .. (60.1613,245.0223) .. controls (59.8332,245.0223) and (59.5792,244.8953) .. (59.4099,244.6519) -- (59.6004,244.1227) .. controls (59.4311,243.9957) and (59.2935,243.9322) .. (59.1453,243.9322) .. controls (58.8172,243.9322) and (58.5950,244.1439) .. (58.5950,244.4720) .. controls (58.5950,245.0223) and (59.1030,245.4033) .. (59.9920,245.4033) .. controls (61.1456,245.4033) and (61.9287,244.6942) .. (61.9287,243.7735) .. controls (61.9287,243.1385) and (61.5054,242.8633) .. (60.8704,242.3765) .. controls (60.3730,241.9955) and (60.0767,241.7626) .. (60.0767,241.4134) .. controls (60.0767,240.9583) and (60.5000,240.6514) .. (61.2726,240.6514) .. controls (61.3890,240.6514) and (61.5372,240.6620) .. (61.7277,240.6832) -- cycle; \end{scope} }}}}\hspace*{2.6mm}ig verteilter Daten}},
  type        = {Bachelor's thesis},
  institution = {University of Stuttgart, Department of Mathematics, IMNG},
  year        = {2012},
  doi         = {10.18419/opus-5143},
  file        = {:Valentin12Spline.pdf:PDF},
  owner       = {valentjn},
  shorthand   = {Vale12},
  timestamp   = {2014.03.31},
}

@Thesis{Valentin14Hierarchische,
  author      = {Valentin, Julian},
  title       = {\foreignlanguage{ngerman}{Hierarchische Optimierung mit Gradientenverfahren auf Dünngitterfunktionen}},
  type        = {Master's thesis},
  institution = {University of Stuttgart, Department of Computer Science, IPVS},
  year        = {2014},
  doi         = {10.18419/opus-3462},
  file        = {:Valentin14Hierarchische.pdf:PDF},
  owner       = {valentjn},
  shorthand   = {Vale14},
  timestamp   = {2015.01.14},
}

@InProceedings{Valentin16Hierarchical,
  author    = {Valentin, Julian and Pflüger, Dirk},
  title     = {Hierarchical Gradient-Based Optimization with {B}-Splines on Sparse Grids},
  booktitle = {Sparse Grids and Applications -- Stuttgart 2014},
  year      = {2016},
  editor    = {Garcke, Jochen and Pflüger, Dirk},
  series    = {Lecture Notes in Computational Science and Engineering},
  number    = {109},
  publisher = {Springer},
  pages     = {315--336},
  doi       = {10.1007/978-3-319-28262-6_13},
  file      = {:Valentin16Hierarchical.pdf:PDF},
  keywords  = {sparse grids, maths, optimization, bsplines},
  owner     = {franzefn},
  shorthand = {Vale16},
  timestamp = {2015.11.12},
}

@InProceedings{Valentin18Fundamental,
  author    = {Valentin, Julian and Pflüger, Dirk},
  title     = {Fundamental Splines on Sparse Grids and Their Application to Gradient-Based Optimization},
  booktitle = {Sparse Grids and Applications -- Miami 2016},
  year      = {2018},
  editor    = {Garcke, Jochen and Pflüger, Dirk and Webster, Clayton G. and Zhang, Guannan},
  series    = {Lecture Notes in Computational Science and Engineering},
  number    = {123},
  publisher = {Springer},
  pages     = {229--251},
  doi       = {10.1007/978-3-319-75426-0_10},
  file      = {:Valentin18Fundamental.pdf:PDF},
  shorthand = {Vale18},
}

@Article{Valentin18Gradient,
  author       = {Valentin, Julian and Sprenger, Michael and Pflüger, Dirk and Röhrle, Oliver},
  title        = {Gradient-Based Optimization with {B}-Splines on Sparse Grids for Solving Forward-Dynamics Simulations of Three-Dimensional, Continuum-Mechanical Musculoskeletal System Models},
  journaltitle = {International Journal for Numerical Methods in Biomedical Engineering},
  year         = {2018},
  volume       = {34},
  number       = {5},
  eid          = {e2965},
  pages        = {1--21},
  doi          = {10.1002/cnm.2965},
  file         = {:Valentin18Gradient.pdf:PDF},
  owner        = {valentjn},
  shorthand    = {Vale18},
  timestamp    = {2018.02.25},
}

@Book{Walz16Fuzzy,
  author    = {Walz, Nico-Philipp},
  title     = {Fuzzy Arithmetical Methods for Possibilistic Uncertainty Analysis},
  year      = {2016},
  publisher = {Shaker Verlag},
  isbn      = {978-3-8440-4911-4},
  file      = {:Walz16Fuzzy.pdf:PDF},
  owner     = {valentjn},
  timestamp = {2018.06.28},
}

@InProceedings{Wang14Bayesian,
  author    = {Wang, Ziyu and Shakibi, Babak and Jin, Lin and Freitas, Nando},
  title     = {Bayesian Multi-Scale Optimistic Optimization},
  booktitle = {Proceedings of the Seventeenth International Conference on Artificial Intelligence and Statistics},
  year      = {2014},
  series    = {Proceedings of Machine Learning Research},
  number    = {33},
  pages     = {1005--1014},
  file      = {:Wang14Bayesian.pdf:PDF},
  owner     = {valentjn},
  timestamp = {2018.11.21},
}

@Book{Werner11Funktionalanalysis,
  author    = {Werner, Dirk},
  title     = {\foreignlanguage{ngerman}{Funktionalanalysis}},
  year      = {2011},
  edition   = {7},
  publisher = {Springer},
  isbn      = {978-3-642-21016-7},
  file      = {:Werner11Funktionalanalysis.pdf:PDF},
  owner     = {valentjn},
  timestamp = {2018.04.02},
}

@Article{Winschel10Solving,
  author       = {Winschel, Viktor and Krätzig, Markus},
  title        = {Solving, Estimating, and Selecting Nonlinear Dynamic Models Without the Curse of Dimensionality},
  journaltitle = {Econometrica},
  year         = {2010},
  volume       = {78},
  number       = {2},
  pages        = {803--821},
  doi          = {10.3982/ECTA6297},
  file         = {:Winschel10Solving.pdf:PDF},
  owner        = {valentjn},
  timestamp    = {2018.09.03},
}

@Article{Wolpert97No,
  author       = {Wolpert, David H. and Macready, William G.},
  title        = {No Free Lunch Theorems for Optimization},
  journaltitle = {IEEE Transactions on Evolutionary Computation},
  year         = {1997},
  volume       = {1},
  number       = {1},
  pages        = {67--82},
  doi          = {10.1109/4235.585893},
  file         = {:Wolpert97No.pdf:PDF},
  owner        = {valentjn},
  timestamp    = {2018.06.20},
}

@Article{Wu13Modelling,
  author       = {Wu, Tim and Hung, Alice P.-L. and Hunter, Peter and Mithraratne, Kumar},
  title        = {Modelling Facial Expressions: {A} Framework for Simulating Nonlinear Soft Tissue Deformations Using Embedded {3D} Muscles},
  journaltitle = {Finite Elements in Analysis and Design},
  year         = {2013},
  volume       = {76},
  pages        = {63--70},
  doi          = {10.1016/j.finel.2013.08.002},
  file         = {:Wu13Modelling.pdf:PDF},
  owner        = {valentjn},
  timestamp    = {2018.09.15},
}

@Article{Xu16Chebyshev,
  author       = {Xu, Kuan},
  title        = {The {Chebyshev} Points of the First Kind},
  journaltitle = {Applied Numerical Mathematics},
  year         = {2016},
  volume       = {102},
  pages        = {17--30},
  doi          = {10.1016/j.apnum.2015.12.002},
  file         = {:Xu16Chebyshev.pdf:PDF},
  owner        = {valentjn},
  timestamp    = {2018.02.10},
}

@Article{Zadeh75Concept,
  author       = {Zadeh, Lotfi A.},
  title        = {The Concept of a Linguistic Variable and Its Application to Approximate Reasoning---{I}},
  journaltitle = {Information Sciences},
  year         = {1975},
  volume       = {8},
  number       = {3},
  pages        = {199--249},
  doi          = {10.1016/0020-0255(75)90036-5},
  file         = {:Zadeh75Concept.pdf:PDF},
  owner        = {valentjn},
  timestamp    = {2018.06.28},
}

@Article{Zakaria14Fuzzy,
  author       = {Zakaria, Rozaimi and Wahab, Abd. Fatah and Gobithaasan, Rudrusamy U.},
  title        = {Fuzzy {B}-Spline Surface Modeling},
  journaltitle = {Journal of Applied Mathematics},
  year         = {2014},
  volume       = {2014},
  eid          = {285045},
  pages        = {1--8},
  doi          = {10.1155/2014/285045},
  file         = {:Zakaria14Fuzzy.pdf:PDF},
  owner        = {valentjn},
  timestamp    = {2018.06.28},
}

@InProceedings{Zenger91Sparse,
  author    = {Zenger, Christoph},
  title     = {Sparse Grids},
  booktitle = {Parallel Algorithms for Partial Differential Equations: Proceedings of the Sixth GAMM-Seminar},
  year      = {1991},
  editor    = {Hackbusch, Wolfgang},
  series    = {Notes on Numerical Fluid Mechanics},
  number    = {31},
  publisher = {Vieweg},
  isbn      = {978-3-528-07631-3},
  pages     = {241--251},
  file      = {:Zenger91Sparse.pdf:PDF},
  owner     = {julian},
  timestamp = {2014.04.04},
}

@Article{Zhang17Topology,
  author       = {Zhang, Weihong and Zhao, Linying and Gao, Tong and Cai, Shouyu},
  title        = {Topology Optimization with Closed {B}-Splines and {Boolean} Operations},
  journaltitle = {Computer Methods in Applied Mechanics and Engineering},
  year         = {2017},
  volume       = {315},
  pages        = {652--670},
  doi          = {10.1016/j.cma.2016.11.015},
  file         = {:Zhang17Topology.pdf:PDF},
  owner        = {valentjn},
  publisher    = {Elsevier {BV}},
  timestamp    = {2018.05.15},
}

@PhdThesis{Zielinski09Optimizing,
  author      = {Zielinski, Karin},
  title       = {Optimizing Real-World Problems with Differential Evolution and Particle Swarm Optimization},
  institution = {University of Bremen, Department of Physics, Electrical Engineering, and Information Engineering},
  year        = {2009},
  file        = {:Zielinski09Optimizing.pdf:PDF},
  owner       = {valentjn},
  timestamp   = {2018.06.21},
}

@Comment{jabref-meta: databaseType:biblatex;}

@Comment{jabref-meta: fileDirectory:pdf;}

@Comment{jabref-meta: saveOrderConfig:specified;author;false;year;false;title;false;}
